@book{book,
    author    = "Anderson , B. and Moore, J.",
    title     = "Optimal control - Linear quadratic methods ",
    year      = "1989",
    publisher = "Prentice Hall",
    address   = "Englewood Cliffs, New Jersey"
}
@article{git,
title = {Project source files. LaTeX project reports and MATLAB codes},
url= {http://github.com/ayush9pandey/Control-Perf-Est-Tradeoff/},
author = {Ayush Pandey},
year={2016}
}
@article{quantpaper,
title = {Feedback designs for controlling device arrays with communication channel bandwidth constraints},
author = {J. Baillieul},
year = {1999},
journal = {ARO Workshop on Smart Structures}
}
@article{mult_thesis,
title = {Active Systems with Uncertain Parameters: an Information-Theoretic
Perspective},
author = {Gireeja Vishnu Ranade},
year = {2014},
}
@article{uncthres,
    author    = "M. Athans and R. Ku and S. Gershwin", 
    title= 		"The uncertainty threshold principle: some
fundamental limitations of optimal decision making under dynamic uncertainty",
journal= "Automatic Control, IEEE Transactions on., vol. 22, no. 3, pp. 491â€“495",
    year = "1977"
}
@article{samir,
title = {On Optimal Control of Linear Systems in the Presence of Multiplicative Noise},
author = {Suresh M. Joshi},
year = {1976},
journal = {IEEE Transactions on Aerospace and Electronic Systems}
}

% example .bib file from
% http://www.math.duke.edu/computing/tex/templates/database.bib

@conference{Ful83,
   author = "William Fulton",
    title = "Introduction to intersection theory in algebraic geometry",
booktitle = "Regional Conference Series in Mathematics",
   number = 54,
     year = 1983}
     
@inproceedings{GMP81,
   author = "Mark Goresky and Robert MacPherson",
    title = "On the topology of complex algebraic maps",
booktitle = "Algebraic Geometry Proceedings, La R\'abida,
             Lecture Notes in Mathematics",
   number = 961,
     year = 1981}    
     
@phdthesis{Pat85,
  author = "V. Pati",
   title = "What is the title??",
  school = "Princeton",
    year = 1985}
         
@unpublished{PP98,
  author = "Adam Parusi\'nski and Piotr Pragacz",
   title = "Characteristic classes of hypersurfaces and characteristic cycles",
    note = "preprint",
   month = "January",
    year = 1998}

@article{TM83,
  author = "L\^e D{\~u}ng Trang and Zoghman Mebkhout",
   title = "Vari\'et\'es caract\'er\-istiques et vari\'et\'es polaires",
 journal = "C. R. Acad. Sc. Paris",
  volume = 296,
    year = 1983,
   pages = "129--132"}
   