@book{book,
    author    = "Anderson , B. and Moore, J.",
    title     = "Optimal control - Linear quadratic methods ",
    year      = "1989",
    publisher = "Prentice Hall",
    address   = "Englewood Cliffs, New Jersey"
}
@book{robust1,
    author    = "Kemin Zhou and John C. Doyle and Keith Glover",
    title     = "Robust and Optimal Control",
    year      = "1995",
    publisher = "Prentice Hall",
    address   = "Englewood Cliffs, New Jersey"
}

@article{yalmip,
title = {YALMIP : A Toolbox for Modeling and Optimization in MATLAB.},
author = {J. Lofberg},
year = {2015}
}
@article{git,
title = {Project source files. LaTeX project reports and MATLAB codes},
url= {http://github.com/ayush9pandey/Control-Perf-Est-Tradeoff/},
author = {Ayush Pandey},
year={2016}
}
@article{git_rct,
title = {MATLAB source files and project reports},
url= {http://github.com/ayush9pandey/robustControl/},
author = {Ayush Pandey},
year={2016}
}
@article{git_dac,
title = {MATLAB source files and project reports},
url= {http://github.com/ayush9pandey/DACdenoising/},
author = {Ayush Pandey and Rana Adhikari},
year={2016}
}
@article{quantpaper,
title = {Feedback designs for controlling device arrays with communication channel bandwidth constraints},
author = {J. Baillieul},
year = {1999},
journal = {ARO Workshop on Smart Structures}
}
@article{quantoverview,
  author =       "Girish N. Nair et.al.",
  title =        "Feedback control under data rate constraints: An Overview",
  year =         "2007",
  journal = "Proceedings of the IEEE"
}
@article{uncthres,
    author    = "M. Athans and R. Ku and S. Gershwin", 
    title= 		"The uncertainty threshold principle: some
fundamental limitations of optimal decision making under dynamic uncertainty",
journal= "Automatic Control, IEEE Transactions on., vol. 22, no. 3, pp. 491–495",
    year = "1977"
}
@article{robust2,
    author    = "N. Elia", 
    title= 		"Remote stabilization over fading channels",
journal= "Systems and Control Letters, vol.
54, no. 3, pp. 237–249",
    year = "2005"
}
@article{lmi,
    author    = "L. El Ghaoui",
    title= 		"State-feedback control of systems with multiplicative noise via linear
matrix inequalities",
journal= "Systems and Control Letters, vol. 24, no. 3, pp. 223–228",
    year = "1995"
}