% example .bib file from
% http://www.math.duke.edu/computing/tex/templates/database.bib
@book{book,
    author    = "Anderson , B. and Moore, J.",
    title     = "Optimal control - Linear quadratic methods ",
    year      = "1989",
    publisher = "Prentice Hall",
    address   = "Englewood Cliffs, New Jersey"
}
@book{berstekas,
    author    = "Dimitri P. Bertsekas",
    title     = "Dynamic programming and optimal control (vol.1)",
    year      = "2005",
    publisher = "Athena Scientific",
}
@article{git,
title = {Project source files. LaTeX project reports and MATLAB codes},
url= {http://github.com/ayush9pandey/Control-Perf-Est-Tradeoff/},
author = {Ayush Pandey},
year={2016}
}
@article{quantpaper,
title = {Feedback designs for controlling device arrays with communication channel bandwidth constraints},
author = {J. Baillieul},
year = {1999},
journal = {ARO Workshop on Smart Structures}
}
@article{tatikonda,
title = "Control under communication constraints",
author = "S. Tatikonda and S. Mitter",
year = 2004,
journal = "IEEE Transactions on Automatic Control"
}

@article{rate1,
title = "Minimum data rate for stabilization of linear systems with parametric uncertainties",
author = "K. Okano and H. Ishii",
year = 2012
}
@article{rate2,
title = "Feedback control under data rate constraints: An overview",
author = "G. N. Nair and F. Fagnani and S. Zampieri and R. J. Evans",
year = 2007,
journal = "Proceedings of the IEEE"
}

@article{schenatto,
title = "Foundations of control and estimation over lossy networks",
author = "Luca Schenatto and Bruno Sinopoli",
year = 2007,
journal = "Proceedings of the IEEE"
}

@article{anatoly,
title = "Multi-Rate control over AWGN channels : An analog joint source-channel coding perspective",
author = "Anatoly Khina and Victoria Kostina and Babak Hassibi",
year = 2016,
journal = "Conference on Decision and Control"
}
@article{constraints,
title = "Network-Induced Constraints in Networked Control Systems - A Survey",
author = "Lixian Zhang and Huijun Gao and Okyay Kaynak",
year = 2013,
journal = "IEEE Transactions on Industrial Informatics"
}
@article{gireeja,
title = {Active Systems with Uncertain Parameters: an Information-Theoretic
Perspective},
author = {Gireeja Vishnu Ranade},
year = {2014},
}
@article{utp,
    author    = "M. Athans and R. Ku and S. Gershwin", 
    title= 		"The uncertainty threshold principle: some
fundamental limitations of optimal decision making under dynamic uncertainty",
journal= "Automatic Control, IEEE Transactions on., vol. 22, no. 3, pp. 491â€“495",
    year = "1977"
}
@article{samir,
title = "On Optimal Control of Linear Systems in the Presence of Multiplicative Noise",
author = "Suresh M. Joshi",
year = 1976,
journal = "IEEE Transactions on Aerospace and Electronic Systems"
}
@article{deko,
title = "Optimal reduced-order compensation of time-varying discrete-time systems with deterministic and white parameters",
author = "L. G. Van Willgenburg and W. L. De Koning",
year = 1998,
journal = "Automatica"
}
@article{deko84,
title = "The influence of finite word length on digital optimal control",
author = "A.J.M. Wingerden and W. L. De Koning",
year = 1984,
journal = "IEEE Transactions of Automation and Control"
}
@article{deko80,
title = "Equivalent discrete optimal control problem for randomly sampled digital control systems",
author = "W. L. De Koning",
year = 1980,
journal = "Automatica"
}
@article{deko82,
title = "Infinite horizon optimal control of linear discrete time systems with stochastic parameters",
author = "W. L. De Koning",
year = 1982,
journal = "Automatica"
}
@article{deko88,
title = "Stationary optimal control of stochastically sampled continuous-time systems",
author = "W. L. De Koning",
year = 1988,
journal = "Automatica"
}
@article{deko89,
title = "Stability and stabilizability of chemical reactors modeled with white parameters ",
author = "T.J.A Wagenaar and W. L. De Koning",
year = 1989,
journal = "International Journal of Control"
}
@article{deko98,
title = "Optimal reduced-order compensation of time-varying discrete-time systems with deterministic and white parameters",
author = "L.G> Van Willigenburg and W. L. De Koning",
year = 1998,
journal = "Automatica"
}
@article{yaz,
title = "Stabilization of discrete time systems with stochastic parameters",
author = "W. L. De Koning",
year = 1985,
journal = "Systems and Controls Letters"
}
@article{russian,
title = "A linear quadratic control for discrete systems with random parameters and multiplicative noise and its application to investment portfolio optimization",
author = "V. V. Dombrovoskii and E. A. Lyashenko",
year = 2002,
journal = "Automation and Remote Control"
}
@article{doylegua,
title = "Guaranteed margins for LQG regulators ",
author = "John C Doyle",
year = 1978,
journal = "IEEE Transactions on Automation and Control"
}